% Encoding: UTF-8

@article{Vortex,
  title     = {Vortex Analysis in Uncertain Vector Fields},
  publisher = {Eurographics Conference on Visualization},
  year      = {2012},
  author    = {Matthias Otto and Holger Theisel},
  volume    = {31},
  number    = {3},
  DOI       = {https://doi.org/10.1111/j.1467-8659.2012.03096.x},
}

@article{Eberly,
  title     = {Ridges for image analysis},
  journal   = {Mathematical Imaging and Vision},
  author    = {David Eberly and Robert Gardner and Bryan Morse and Stephen Pizer and Christine Scharlach},
  year      = {1994},
  pages     = {353--373},
  volume    = {4},
  number    = {4},
}

@article{Lindeberg,
  title     = {Edge detection and ridge detection with automatic scale selection},
  journal   = {International Journal of Computer Vision},
  author    = {Tony Lindeberg},
  year      = {1998},
  pages     = {117--156},
  volume    = {30},
  issue     = {2},
}

@Comment{jabref-meta: databaseType:bibtex;}
